@book{script,
    author = "Peter Wurz",
    title = "Anleitung zum Physikpraktikum I",
    year = 2024,
    language = "de"
}
@book{ftb,
  title    = "Formeln, Tabellen, Begriffe: Mathematik - Physik - Chemie",
  year     =  2022,
  language = "de"
}

@techreport{srt,
  title        = {Small Radio Telescope},
  author       = {Lab Course "Modern Physics"},
  year         = {2022},
  language = "de",
}

@BOOK{kraus,
  title     = "Radio Astronomy",
  author    = "Kraus, John D",
  publisher = "McGraw-Hill",
  month     =  oct,
  year      =  1966,
  address   = "New York, NY"
}
@BOOK{wilson,
  title     = "Tools of radio astronomy",
  author    = "Wilson, T L and Rohlfs, Kristen and H{\"u}ttemeister, Susanne",
  publisher = "Springer",
  series    = "Astronomy and Astrophysics Library",
  edition   =  5,
  month     =  dec,
  year      =  2008,
  address   = "Berlin, Germany",
  language  = "en"
}
